
    
<!--  multiple 300 extent fields  -->
<!--  missing 1XX creator field  -->
<!--  multiple 041 subfield a fields  -->
    <record>
        <leader>00000npcaa2200000 u 4500</leader>
        <controlfield tag="001">14345058</controlfield>
        <controlfield tag="003">NNC</controlfield>
        <controlfield tag="008">191109i        xxu                 eng d</controlfield>
        <datafield ind1=" " ind2=" " tag="035">
            <subfield code="a">(NNC)CULASPC:voyager:14345058</subfield>
        </datafield>
        <datafield ind1=" " ind2=" " tag="035">
            <subfield code="a">(OCoLC)1125280235 </subfield>
        </datafield>
        <datafield ind1=" " ind2=" " tag="035">
            <subfield code="a">(OCoLC)on1125280235 </subfield>
        </datafield>
        <datafield ind1=" " ind2=" " tag="040">
            <subfield code="a">NNC-UA</subfield>
            <subfield code="b">eng</subfield>
            <subfield code="c">NNC-UA</subfield>
            <subfield code="e">dacs</subfield>
        </datafield>
        <datafield ind1="0" ind2=" " tag="041">
            <subfield code="a">eng</subfield>
            <subfield code="a">chi</subfield>
        </datafield>
        <datafield ind1=" " ind2=" " tag="044">
            <subfield code="a">xxu</subfield>
        </datafield>
        <datafield ind1=" " ind2=" " tag="049">
            <subfield code="a">NNC-RB</subfield>
        </datafield>
        <datafield ind1=" " ind2=" " tag="099">
            <subfield code="a">14345058</subfield>
        </datafield>
        <datafield ind1="0" ind2="0" tag="245">
            <subfield code="a">Tompkins Hall Nursery School records,</subfield>
            <subfield code="f">1940s-2000s</subfield>
        </datafield>
        <datafield ind1=" " ind2=" " tag="300">
            <subfield code="a">0.63</subfield>
            <subfield code="f">Linear Feet</subfield>
        </datafield>
        <datafield ind1=" " ind2=" " tag="300">
            <subfield code="a">27</subfield>
            <subfield code="f">megabytes</subfield>
        </datafield>
        <datafield ind1="1" ind2=" " tag="506">
            <subfield code="a">Material is unprocessed. Please contact rbml@columbia.edu for more information.</subfield>
        </datafield>
        <datafield ind1="1" ind2=" " tag="506">
            <subfield code="a">This collection is located on site.</subfield>
        </datafield>
        <datafield ind1="2" ind2=" " tag="520">
            <subfield code="a">Minutes, constitution, by laws, administrative records, financial records, rosters</subfield>
        </datafield>
        <datafield ind1=" " ind2=" " tag="524">
            <subfield code="a">Identification of specific item; Date (if known); Tompkins Hall Nursery School Records; Box and Folder; University Archives, Rare Book and Manuscript Library, Columbia University Library.</subfield>
        </datafield>
        <datafield ind1=" " ind2=" " tag="545">
            <subfield code="a">Founded by Columbia professors during the 1930s, Tompkins Hall originated as an intimate, part-time, parent cooperative nursery. The play-based program for three- and four-year-old children afforded children opportunities to develop peer relationships, play creatively with materials, and integrate into a group experience, all while in the care of a group of parents and a teacher. Through working in the play group, parents learned about child development and supported each other in their parenting lives. During the 1980s, the play group gradually expanded to become more of a school setting. Hours expanded, and early childhood educators became the primary leaders of the school. In 1992, Tompkins Hall incorporated a toddler program. In the fall of 2007, Tompkins Hall once again expanded, this time to include an infant program.</subfield>
        </datafield>
        <datafield ind1=" " ind2="0" tag="651">
            <subfield code="a">Nursery schools</subfield>
        </datafield>
        <datafield ind1=" " ind2=" " tag="852">
            <subfield code="a">Columbia University Libraries</subfield>
            <subfield code="b">Rare Book and Manuscript Library</subfield>
            <subfield code="c">14345058</subfield>
            <subfield code="j">UA#0316</subfield>
        </datafield>
        <datafield ind1="4" ind2="2" tag="856">
            <subfield code="u">http://findingaids.library.columbia.edu/ead/nnc-rb/ldpd_14345058</subfield>
            <subfield code="3">Finding aid</subfield>
        </datafield>
    </record>