
    
<!--  520 ind1=8  -->
<!--  multiple 041 fields  -->
<!--  additional 7xx creators  -->
    
    <record>
        <leader>00000npcaa2200000 u 4500</leader>
        <controlfield tag="001">14345540</controlfield>
        <controlfield tag="003">NNC</controlfield>
        <controlfield tag="008">191109i19291979xxu                 eng d</controlfield>
        <datafield ind1=" " ind2=" " tag="035">
            <subfield code="a">(NNC)CULASPC:voyager:14345540</subfield>
        </datafield>
        <datafield ind1=" " ind2=" " tag="035">
            <subfield code="a">(OCoLC)1125278655 </subfield>
        </datafield>
        <datafield ind1=" " ind2=" " tag="035">
            <subfield code="a">(OCoLC)on1125278655 </subfield>
        </datafield>
        <datafield ind1=" " ind2=" " tag="040">
            <subfield code="a">NNC-RB</subfield>
            <subfield code="b">eng</subfield>
            <subfield code="c">NNC-RB</subfield>
            <subfield code="e">dacs</subfield>
        </datafield>
        <datafield ind1="0" ind2=" " tag="041">
            <subfield code="a">eng</subfield>
        </datafield>
        <datafield ind1="0" ind2=" " tag="041">
            <subfield code="a">chi</subfield>
        </datafield>
        <datafield ind1=" " ind2=" " tag="044">
            <subfield code="a">xxu</subfield>
        </datafield>
        <datafield ind1=" " ind2=" " tag="049">
            <subfield code="a">NNC-RB</subfield>
        </datafield>
        <datafield ind1=" " ind2=" " tag="099">
            <subfield code="a">14345540</subfield>
        </datafield>
        <datafield ind1="1" ind2=" " tag="100">
            <subfield code="a">Brown, Harold E.,</subfield>
            <subfield code="d">1909-1979,</subfield>
            <subfield code="e">creator.</subfield>
            <subfield code="0">http://id.loc.gov/authorities/names/nr2003026400</subfield>
        </datafield>
        <datafield ind1="1" ind2="0" tag="245">
            <subfield code="a">Harold Brown Scores,</subfield>
            <subfield code="f">1929 - 1979</subfield>
        </datafield>
        <datafield ind1=" " ind2=" " tag="300">
            <subfield code="a">0.42</subfield>
            <subfield code="f">Linear Feet (1 document box)</subfield>
        </datafield>
        <datafield ind1="1" ind2=" " tag="506">
            <subfield code="a">This collection is located off-site. You will need to request this material at least two business days in advance to use the collection in the Rare Book and Manuscript Library reading room.</subfield>
        </datafield>
        <datafield ind1="3" ind2=" " tag="520">
            <subfield code="a">Scores and parts, two letters, and biogrphical information</subfield>
        </datafield>
        <datafield ind1="2" ind2=" " tag="520">
            <subfield code="a">Mostly scores by Harold Brown.  There are two letters, 2 CDs, some biogrpahical information, and some Renaissance Chorus Association information.</subfield>
        </datafield>
        <datafield ind1="8" ind2=" " tag="520">
            <subfield code="a">Additional general note, added for testing, with a ind1 = 8</subfield>
        </datafield>
        <datafield ind1=" " ind2=" " tag="524">
            <subfield code="a">Identification of specific item; Date (if known); Harold Brown Scores; Box and Folder; Rare Book and Manuscript Library, Columbia University Library.</subfield>
        </datafield>
        <datafield ind1=" " ind2=" " tag="540">
            <subfield code="a">Single photocopies may be made for research purposes. Permission to publish material from the collection must be requested from the Curator of Manuscripts/University Archivist, Rare Book and Manuscript Library (RBML). The RBML approves permission to publish that which it physically owns; the responsibility to secure copyright permission rests with the patron.</subfield>
        </datafield>
        <datafield ind1=" " ind2=" " tag="540">
            <subfield code="a">The RBML cannot provide access to original time-based media material which has not been first been reformatted for preservation. Researchers are welcome to examine archival time-based media items and decide whether they wish to place an order for Audio/Video reformatting. If copyright and/or condition restrictions apply, it may not be possible to digitize a requested item. Please note that A/V reformatting is handled by an outside vendor and typically takes 6-8 weeks.</subfield>
        </datafield>
        <datafield ind1=" " ind2=" " tag="545">
            <subfield code="a">Harold Brown was instrumental in bringing early music to North America. After completing his musical studies at Columbia University he studied with Nadia Boulanger in Paris, He founded the Renaissance Chorus of New York, which gave concerts and recorded several records under the direction of Brown from 1952-1975.</subfield>
        </datafield>
        <datafield ind1=" " ind2=" " tag="545">
            <subfield code="a">The period which comprised his work with Renaissance music, including choral conducting and editing, extended from about 1951 to his death in 1979.</subfield>
        </datafield>
        <datafield ind1=" " ind2=" " tag="545">
            <subfield code="a">Brown's orchestral scores include: Suite for Strings (1937); piano transcription of a Frescobaldi Passacaglia &amp; Fugue; Introduction &amp; Allegro (Sym. #1), (1938); Orchestral Suite #1; Divertimento for small Orchestra (1945); Four Symphonic Movements (Sym. #2) (1950)--which was also Brown's compositional piece for his Master's degree at Columbia.</subfield>
        </datafield>
        <datafield ind1="1" ind2=" " tag="583">
            <subfield code="a">Processed by Patrick Lawlor, October 2019</subfield>
        </datafield>
        <datafield ind1="1" ind2="0" tag="600">
            <subfield code="a">Rorem, Ned,</subfield>
            <subfield code="d">1923-.</subfield>
            <subfield code="0">http://id.loc.gov/authorities/names/no00028379</subfield>
        </datafield>
        <datafield ind1=" " ind2="0" tag="650">
            <subfield code="a">Music</subfield>
            <subfield code="y">20th century</subfield>
        </datafield>
        <datafield ind1=" " ind2="7" tag="655">
            <subfield code="a">Scores (documents for music)</subfield>
            <subfield code="2">aat</subfield>
        </datafield>
        <datafield ind1=" " ind2=" " tag="852">
            <subfield code="a">Columbia University Libraries</subfield>
            <subfield code="b">Rare Book and Manuscript Library</subfield>
            <subfield code="c">14345540</subfield>
            <subfield code="j">MS#1994</subfield>
        </datafield>
        <datafield ind1="1" ind2=" " tag="700">
            <subfield code="a">Chevdar, Erast G,</subfield>
        </datafield>
        <datafield ind1="2" ind2=" " tag="710">
            <subfield code="a">Obʺedinenie Rossiĭskikh Zemskikh i Gorodskikh Dei︠a︡teleĭ v Chekhoslovat︠s︡koĭ Respublike</subfield>
        </datafield>
        <datafield ind1="4" ind2="2" tag="856">
            <subfield code="u">http://findingaids.libraries.columbia.edu/ead/nnc-rb/ldpd_14345540</subfield>
            <subfield code="3">Finding aid</subfield>
        </datafield>
    </record>
    
    
</testRecords>
